@book{revuz2013continuous,
  title={Continuous martingales and Brownian motion},
  author={Revuz, Daniel and Yor, Marc},
  volume={293},
  year={2013},
  publisher={Springer Science \& Business Media}
}

@article{gobet2000weak,
  title={Weak approximation of killed diffusion using Euler schemes},
  author={Gobet, Emmanuel},
  journal={Stochastic processes and their applications},
  volume={87},
  number={2},
  pages={167--197},
  year={2000},
  publisher={Elsevier}
}

@article{ebenfeld2002analysis,
  title={An analysis of onion options and double-no-touch digitals},
  author={Ebenfeld, Stefan and Mayr, Matthias R and Topper, Jurgen},
  journal={Wilmott},
  pages={68--77},
  year={2002}
}